@incollection{ceccarelli2013notes,
  title={Notes for a history of grasping devices},
  author={Ceccarelli, Marco},
  booktitle={Grasping in Robotics},
  pages={3--16},
  year={2013},
  publisher={Springer}
}

@incollection{carbone2013stiffness,
  title={Stiffness Analysis for Grasping Tasks},
  author={Carbone, Giuseppe},
  booktitle={Grasping in Robotics},
  pages={17--55},
  year={2013},
  publisher={Springer}
}

@book{birglen2007underactuated,
  title={Underactuated robotic hands},
  author={Birglen, Lionel and Lalibert{\'e}, Thierry and Gosselin, Cl{\'e}ment M},
  volume={40},
  year={2007},
  publisher={Springer}
}

@book{mason2001mechanics,
  title={Mechanics of robotic manipulation},
  author={Mason, Matthew T},
  year={2001},
  publisher={MIT press}
}

@incollection{iberall1990opposition,
  title={Opposition space and human prehension},
  author={Iberall, Thea and MacKenzie, Christine L},
  booktitle={Dextrous robot hands},
  pages={32--54},
  year={1990},
  publisher={Springer}
}

@article{biagiotti2004far,
  title={How far is the human hand},
  author={Biagiotti, L and Lotti, F and Melchiorri, C and Vassura, G},
  journal={A review on anthropomorphic robotic end-effectors},
  year={2004}
}

@article{sureshbabu2018systematic,
  title={A Systematic Approach to Evaluating and Benchmarking Robotic Hands-The FFP Index},
  author={Sureshbabu, Anand Vazhapilli and Metta, Giorgio and Parmiggiani, Alberto},
  year={2018},
  publisher={Preprints}
}

@article{yousef2011tactile,
  title={Tactile sensing for dexterous in-hand manipulation in robotics—A review},
  author={Yousef, Hanna and Boukallel, Mehdi and Althoefer, Kaspar},
  journal={Sensors and Actuators A: physical},
  volume={167},
  number={2},
  pages={171--187},
  year={2011},
  publisher={Elsevier}
}

@inproceedings{huber1997selection,
  title={The selection of mechanical actuators based on performance indices},
  author={Huber, JE and Fleck, NA and Ashby, MF},
  booktitle={Proceedings of the Royal Society of London A: Mathematical, Physical and Engineering Sciences},
  volume={453},
  number={1965},
  pages={2185--2205},
  year={1997},
  organization={The Royal Society}
}

@inproceedings{andrianesis2008design,
  title={Design of an anthropomorphic prosthetic hand driven by shape memory alloy actuators},
  author={Andrianesis, Konstantinos and Tzes, Anthony},
  booktitle={Biomedical Robotics and Biomechatronics, 2008. BioRob 2008. 2nd IEEE RAS \& EMBS International Conference on},
  pages={517--522},
  year={2008},
  organization={IEEE}
}

@inproceedings{loh2006new,
  title={New shape memory alloy actuator: design and application in the prosthetic hand},
  author={Loh, Chee Siong and Yokoi, Hiroshi and Arai, Tamio},
  booktitle={Engineering in Medicine and Biology Society, 2005. IEEE-EMBS 2005. 27th Annual International Conference of the},
  pages={6900--6903},
  year={2006},
  organization={IEEE}
}

@incollection{ceccarelli2015finger,
  title={Finger mechanisms for robotic hands},
  author={Ceccarelli, M},
  booktitle={Recent Advances in Mechanism Design for Robotics},
  pages={3--13},
  year={2015},
  publisher={Springer}
}

@article{townsend2018barretthand,
  title={BarrettHand Grasper: Programmably Flexible Part Handling and Assembly},
  author={Townsend, William T},
  journal={Humanoid Robotics: A Reference},
  pages={1--17},
  year={2018},
  publisher={Springer}
}

@article{banks2001design,
  title={Design and control of an anthropomorphic robotic finger with multi-point tactile sensation},
  author={Banks, Jessica},
  year={2001}
}

@article{yousef2011tactile,
  title={Tactile sensing for dexterous in-hand manipulation in robotics—A review},
  author={Yousef, Hanna and Boukallel, Mehdi and Althoefer, Kaspar},
  journal={Sensors and Actuators A: physical},
  volume={167},
  number={2},
  pages={171--187},
  year={2011},
  publisher={Elsevier}
}